@book{discovering,
  author = {Edward Aboufadel and Steven Schlicker},
  year = {1999},
  title = {Discovering Wavelets},
  publisher = {John Wiley \& Sons}
  }
@book{matlab,
  author = {Rafael C. Gonzalez, Richard E. Woods, and Steven L. Eddins},
  year = {2011},
  title = {Digital Image Processing Using MATLAB},
  edition = {2nd},
  publisher = {McGraw Hill}
  }
@book{wavelet-tour,
author = {Stephane Mallat},
title = {A Wavelet Tour of Signal Processing: The Sparse Way},
year = {2008},
publisher = {Academic Press, Inc.},
edition = {3rd}
}
@book{ten-lectures,
author = {Ingrid Daubechies},
title = {Ten Lectures on Wavelets},
year = {1992},
publisher = {SIAM}
}
